@article{ref,
author  	= "hoyas",
title		= "makulat",
year		= "1988",
journal		= "TUGBOat",
volume		= "14",
number		= "3",
pages		= "342--351"
	}